<record><leader>00000cas a22000007a 4500</leader><controlfield tag="001">17244726</controlfield><controlfield tag="008">871216d1975197uinuwr ne      0    0eng d</controlfield><datafield ind1=" " ind2=" " tag="010"><subfield code="a">sn 87056861 </subfield></datafield><datafield ind1=" " ind2=" " tag="040"><subfield code="a">NPI</subfield><subfield code="b">eng</subfield><subfield code="c">NPI</subfield><subfield code="d">OCLCQ</subfield></datafield><datafield ind1=" " ind2=" " tag="042"><subfield code="a">msc</subfield></datafield><datafield ind1="0" ind2="0" tag="245"><subfield code="a">East Gary press.</subfield></datafield><datafield ind1=" " ind2=" " tag="260"><subfield code="a">East Gary [i.e. Lake Station] Ind. :</subfield><subfield code="b">David C. Johnson, Barbara R. Johnson,</subfield><subfield code="c">1975-</subfield></datafield><datafield ind1=" " ind2=" " tag="310"><subfield code="a">Weekly</subfield></datafield><datafield ind1="0" ind2=" " tag="362"><subfield code="a">Vol. 1, no. 1 (Mar. 27, 1975)-</subfield></datafield><datafield ind1=" " ind2=" " tag="500"><subfield code="a">"Serving East Gary, New Chicago and Hobart."</subfield></datafield><datafield ind1=" " ind2=" " tag="588"><subfield code="a">Latest issue consulted: Vol. 2, no. 2 (Jan. 15, 1976)</subfield></datafield><datafield ind1=" " ind2=" " tag="752"><subfield code="a">United States</subfield><subfield code="b">Indiana</subfield><subfield code="c">Lake</subfield><subfield code="d">Lake Station.</subfield></datafield></record>